[gd_scene load_steps=8 format=2]

[ext_resource path="res://Assets/Grenade.gd" type="Script" id=1]

[sub_resource type="SphereShape" id=1]
radius = 0.2

[sub_resource type="SpatialMaterial" id=2]
albedo_color = Color( 0, 0.25098, 0.00392157, 1 )

[sub_resource type="SpatialMaterial" id=3]
albedo_color = Color( 0.333333, 0.329412, 0.329412, 1 )

[sub_resource type="SphereShape" id=4]
radius = 4.0

[sub_resource type="ParticlesMaterial" id=5]
emission_shape = 1
emission_sphere_radius = 4.0

[sub_resource type="SphereMesh" id=6]
radius = 0.5
height = 1.0
radial_segments = 4
rings = 3

[node name="Grenade" type="RigidBody"]
collision_layer = 2
script = ExtResource( 1 )

[node name="CollisionArea" type="CollisionShape" parent="."]
shape = SubResource( 1 )

[node name="CSGMeshing" type="CSGCombiner" parent="."]

[node name="CSGSphere" type="CSGSphere" parent="CSGMeshing"]
radius = 0.2
material = SubResource( 2 )

[node name="CSGBox" type="CSGBox" parent="CSGMeshing"]
transform = Transform( 1, 0, 0, 0, 1, 0, 0, 0, 1, 0, 0.222487, 0 )
width = 0.05
height = 0.1
depth = 0.05
material = SubResource( 3 )

[node name="BlastArea" type="Area" parent="."]

[node name="CollisionShape" type="CollisionShape" parent="BlastArea"]
shape = SubResource( 4 )

[node name="Explosion" type="Particles" parent="."]
layers = 2
emitting = false
amount = 20
one_shot = true
local_coords = false
process_material = SubResource( 5 )
draw_pass_1 = SubResource( 6 )
