[gd_scene load_steps=10 format=2]

[ext_resource path="res://Assets/PickupItem.gd" type="Script" id=1]
[ext_resource path="res://Assets/VisibilityCheck.tscn" type="PackedScene" id=2]

[sub_resource type="SpatialMaterial" id=1]
albedo_color = Color( 0.352941, 0.317647, 0.317647, 1 )

[sub_resource type="SpatialMaterial" id=2]
albedo_color = Color( 0.396078, 0.329412, 0.0784314, 1 )

[sub_resource type="SpatialMaterial" id=3]
albedo_color = Color( 0.360784, 0.239216, 0.239216, 1 )

[sub_resource type="SpatialMaterial" id=4]
albedo_color = Color( 0.290196, 0.101961, 0.101961, 1 )

[sub_resource type="SpatialMaterial" id=5]
albedo_color = Color( 0.352941, 0.317647, 0.317647, 1 )

[sub_resource type="BoxShape" id=6]
extents = Vector3( 0.1, 0.1, 0.527942 )

[sub_resource type="BoxShape" id=7]
extents = Vector3( 0.2, 0.2, 0.628 )

[node name="PickupShotgun" type="RigidBody"]
collision_layer = 4
script = ExtResource( 1 )
weapon = "SHOTGUN"
pickupType = "Buckshot"
amount = 12

[node name="VisibilityCheck" parent="." instance=ExtResource( 2 )]

[node name="CSGCombiner" type="CSGCombiner" parent="."]
transform = Transform( -0.5, 0, -4.37114e-08, 0, 0.5, 0, 4.37114e-08, 0, -0.5, 0.000175946, 0.00520837, 0.0096364 )

[node name="CSGCylinder" type="CSGCylinder" parent="CSGCombiner"]
transform = Transform( 1, 0, 0, 0, -4.37114e-08, 1, 0, -1, -4.37114e-08, 0, 0.0135493, -0.2651 )
radius = 0.15
height = 1.3
sides = 10
material = SubResource( 1 )

[node name="CSGCylinder2" type="CSGCylinder" parent="CSGCombiner"]
transform = Transform( 1, 0, 0, 0, -4.37114e-08, 1, 0, -1, -4.37114e-08, 0, -0.0973694, -0.116201 )
radius = 0.1
sides = 10
material = SubResource( 2 )

[node name="CSGBox" type="CSGBox" parent="CSGCombiner"]
transform = Transform( 1, 0, 0, 0, 1, 0, 0, 0, 1, 0, -0.0433044, 0.497835 )
width = 0.3
height = 0.4
depth = 0.3
material = SubResource( 3 )

[node name="CSGBox2" type="CSGBox" parent="CSGCombiner"]
transform = Transform( 1, 0, 0, 0, 0.831838, 0.555018, 0, -0.555018, 0.831838, 0, -0.0774334, 0.923478 )
width = 0.15494
height = 0.4
depth = 0.135643
material = SubResource( 4 )

[node name="CSGBox3" type="CSGBox" parent="CSGCombiner"]
transform = Transform( 1, 0, 0, 0, 1, 0, 0, 0, 1, 0, 0.0580727, 0.793752 )
width = 0.3
height = 0.2
depth = 0.3
material = SubResource( 5 )

[node name="SpreadPoint" type="Position3D" parent="."]
transform = Transform( 1, 0, 0, 0, 1, 0, 0, 0, 1, 0, 0.0110467, 0.487995 )

[node name="CollisionShape" type="CollisionShape" parent="."]
transform = Transform( -1, 0, -8.74228e-08, 0, 1, 0, 8.74228e-08, 0, -1, -0.000175945, 0.00520837, -0.0131216 )
shape = SubResource( 6 )

[node name="PickupArea" type="Area" parent="."]
transform = Transform( 1, 0, 0, 0, 1, 0, 0, 0, 1, 0, 0.00520837, 0.555109 )

[node name="Collider" type="CollisionShape" parent="PickupArea"]
transform = Transform( -1, 0, -8.74228e-08, 0, 1, 0, 8.74228e-08, 0, -1, -0.000175945, 0, -0.568231 )
shape = SubResource( 7 )
