[gd_scene load_steps=7 format=2]

[ext_resource path="res://Assets/PickupItem.gd" type="Script" id=1]
[ext_resource path="res://Assets/VisibilityCheck.tscn" type="PackedScene" id=2]

[sub_resource type="BoxShape" id=1]
extents = Vector3( 0.1, 0.23, 0.1 )

[sub_resource type="SpatialMaterial" id=2]
albedo_color = Color( 0.333333, 0.329412, 0.329412, 1 )

[sub_resource type="SpatialMaterial" id=3]
albedo_color = Color( 0.996078, 0.956863, 0.356863, 1 )
metallic = 0.7

[sub_resource type="BoxShape" id=4]
extents = Vector3( 0.2, 0.43, 0.2 )

[node name="PickupPistolClip" type="RigidBody"]
script = ExtResource( 1 )
pickupType = "9mm"
amount = 8

[node name="VisibilityCheck" parent="." instance=ExtResource( 2 )]

[node name="CollisionShape" type="CollisionShape" parent="."]
transform = Transform( 1, 0, 0, 0, 1, 0, 0, 0, 1, 0, 0.025, 0 )
shape = SubResource( 1 )

[node name="CSGCombiner" type="CSGCombiner" parent="."]

[node name="CSGBox" type="CSGBox" parent="CSGCombiner"]
width = 0.17
height = 0.4
depth = 0.1
material = SubResource( 2 )

[node name="CSGCylinder" type="CSGCylinder" parent="CSGCombiner"]
transform = Transform( -4.37114e-08, -1, 0, 1, -4.37114e-08, 0, 0, 0, 1, -0.0183511, 0.23, 0 )
radius = 0.03
height = 0.1
material = SubResource( 3 )

[node name="CSGCylinder2" type="CSGCylinder" parent="CSGCombiner"]
transform = Transform( -4.37114e-08, -1, 0, 1, -4.37114e-08, 0, 0, 0, 1, 0.051556, 0.23, 0 )
radius = 0.02
height = 0.04
material = SubResource( 3 )

[node name="CSGBox2" type="CSGBox" parent="CSGCombiner"]
transform = Transform( 1, 0, 0, 0, 1, 0, 0, 0, 1, 0, 0.225, -0.04 )
width = 0.1
height = 0.05
depth = 0.02
material = SubResource( 2 )

[node name="CSGBox3" type="CSGBox" parent="CSGCombiner"]
transform = Transform( 1, 0, 0, 0, 1, 0, 0, 0, 1, 0, 0.225, 0.04 )
width = 0.1
height = 0.05
depth = 0.02
material = SubResource( 2 )

[node name="PickupArea" type="Area" parent="."]

[node name="Collider" type="CollisionShape" parent="PickupArea"]
shape = SubResource( 4 )
