[gd_scene load_steps=8 format=2]

[ext_resource path="res://Assets/PickupItem.gd" type="Script" id=1]
[ext_resource path="res://ReusableMaterials/SpotlightMaterial2.tres" type="Material" id=2]
[ext_resource path="res://Assets/VisibilityCheck.tscn" type="PackedScene" id=3]

[sub_resource type="BoxShape" id=1]
extents = Vector3( 0.5, 0.25, 0.2 )

[sub_resource type="SpatialMaterial" id=2]
albedo_color = Color( 0.360784, 0.239216, 0.239216, 1 )

[sub_resource type="SpatialMaterial" id=3]
albedo_color = Color( 0.996078, 0.94902, 0.0313726, 1 )
metallic = 0.75
metallic_specular = 0.2

[sub_resource type="BoxShape" id=4]
extents = Vector3( 0.7, 0.45, 0.4 )

[node name="PickupLauncherGrenade" type="RigidBody"]
collision_layer = 4
script = ExtResource( 1 )
pickupType = "40mm HE"
amount = 6

[node name="VisibilityCheck" parent="." instance=ExtResource( 3 )]

[node name="CollisionShape" type="CollisionShape" parent="."]
shape = SubResource( 1 )

[node name="CSGCombiner" type="CSGCombiner" parent="."]

[node name="CSGBox" type="CSGBox" parent="CSGCombiner"]
width = 1.01329
height = 0.0985866
depth = 0.606698
material = SubResource( 2 )

[node name="LauncherGrenade" type="CSGCombiner" parent="CSGCombiner"]
transform = Transform( 1, 0, 0, 0, -1, 3.25841e-07, 0, -3.25841e-07, -1, 0, 0, -0.15 )

[node name="CSGCylinder" type="CSGCylinder" parent="CSGCombiner/LauncherGrenade"]
transform = Transform( -1.62921e-07, 0, -1, 0, 1, 0, 1, 0, -1.62921e-07, 0, 0, 0 )
radius = 0.1
height = 0.4
material = SubResource( 3 )

[node name="CSGCylinder2" type="CSGCylinder" parent="CSGCombiner/LauncherGrenade"]
transform = Transform( -1.62921e-07, 0, -1, 0, 1, 0, 1, 0, -1.62921e-07, 0, -0.216255, 0 )
radius = 0.08
height = 0.2
material = ExtResource( 2 )

[node name="LauncherGrenade2" type="CSGCombiner" parent="CSGCombiner"]
transform = Transform( 1, 0, 0, 0, -1, 3.25841e-07, 0, -3.25841e-07, -1, 0, 0, 0.15 )

[node name="CSGCylinder" type="CSGCylinder" parent="CSGCombiner/LauncherGrenade2"]
transform = Transform( -1.62921e-07, 0, -1, 0, 1, 0, 1, 0, -1.62921e-07, 0, 0, 0 )
radius = 0.1
height = 0.4
material = SubResource( 3 )

[node name="CSGCylinder2" type="CSGCylinder" parent="CSGCombiner/LauncherGrenade2"]
transform = Transform( -1.62921e-07, 0, -1, 0, 1, 0, 1, 0, -1.62921e-07, 0, -0.216255, 0 )
radius = 0.08
height = 0.2
material = ExtResource( 2 )

[node name="LauncherGrenade3" type="CSGCombiner" parent="CSGCombiner"]
transform = Transform( 1, 0, 0, 0, -1, 3.25841e-07, 0, -3.25841e-07, -1, 0.29715, 0, -0.15 )

[node name="CSGCylinder" type="CSGCylinder" parent="CSGCombiner/LauncherGrenade3"]
transform = Transform( -1.62921e-07, 0, -1, 0, 1, 0, 1, 0, -1.62921e-07, 0, 0, 0 )
radius = 0.1
height = 0.4
material = SubResource( 3 )

[node name="CSGCylinder2" type="CSGCylinder" parent="CSGCombiner/LauncherGrenade3"]
transform = Transform( -1.62921e-07, 0, -1, 0, 1, 0, 1, 0, -1.62921e-07, 0, -0.216255, 0 )
radius = 0.08
height = 0.2
material = ExtResource( 2 )

[node name="LauncherGrenade4" type="CSGCombiner" parent="CSGCombiner"]
transform = Transform( 1, 0, 0, 0, -1, 3.25841e-07, 0, -3.25841e-07, -1, 0.29715, 0, 0.15 )

[node name="CSGCylinder" type="CSGCylinder" parent="CSGCombiner/LauncherGrenade4"]
transform = Transform( -1.62921e-07, 0, -1, 0, 1, 0, 1, 0, -1.62921e-07, 0, 0, 0 )
radius = 0.1
height = 0.4
material = SubResource( 3 )

[node name="CSGCylinder2" type="CSGCylinder" parent="CSGCombiner/LauncherGrenade4"]
transform = Transform( -1.62921e-07, 0, -1, 0, 1, 0, 1, 0, -1.62921e-07, 0, -0.216255, 0 )
radius = 0.08
height = 0.2
material = ExtResource( 2 )

[node name="LauncherGrenade5" type="CSGCombiner" parent="CSGCombiner"]
transform = Transform( 1, 0, 0, 0, -1, 3.25841e-07, 0, -3.25841e-07, -1, -0.297, 0, -0.15 )

[node name="CSGCylinder" type="CSGCylinder" parent="CSGCombiner/LauncherGrenade5"]
transform = Transform( -1.62921e-07, 0, -1, 0, 1, 0, 1, 0, -1.62921e-07, 0, 0, 0 )
radius = 0.1
height = 0.4
material = SubResource( 3 )

[node name="CSGCylinder2" type="CSGCylinder" parent="CSGCombiner/LauncherGrenade5"]
transform = Transform( -1.62921e-07, 0, -1, 0, 1, 0, 1, 0, -1.62921e-07, 0, -0.216255, 0 )
radius = 0.08
height = 0.2
material = ExtResource( 2 )

[node name="LauncherGrenade6" type="CSGCombiner" parent="CSGCombiner"]
transform = Transform( 1, 0, 0, 0, -1, 3.25841e-07, 0, -3.25841e-07, -1, -0.297, 0, 0.15 )

[node name="CSGCylinder" type="CSGCylinder" parent="CSGCombiner/LauncherGrenade6"]
transform = Transform( -1.62921e-07, 0, -1, 0, 1, 0, 1, 0, -1.62921e-07, 0, 0, 0 )
radius = 0.1
height = 0.4
material = SubResource( 3 )

[node name="CSGCylinder2" type="CSGCylinder" parent="CSGCombiner/LauncherGrenade6"]
transform = Transform( -1.62921e-07, 0, -1, 0, 1, 0, 1, 0, -1.62921e-07, 0, -0.216255, 0 )
radius = 0.08
height = 0.2
material = ExtResource( 2 )

[node name="PickupArea" type="Area" parent="."]

[node name="Collider" type="CollisionShape" parent="PickupArea"]
shape = SubResource( 4 )
