[gd_scene load_steps=5 format=2]

[ext_resource path="res://Assets/RailgunScript.gd" type="Script" id=1]

[sub_resource type="BoxShape" id=1]

[sub_resource type="SpatialMaterial" id=2]
albedo_color = Color( 0.298039, 0.247059, 0.247059, 1 )
metallic = 0.5

[sub_resource type="SpatialMaterial" id=3]
albedo_color = Color( 0.0235294, 0.329412, 0.392157, 1 )
emission_enabled = true
emission = Color( 0.0509804, 0.67451, 0.588235, 1 )
emission_energy = 1.0
emission_operator = 0
emission_on_uv2 = false

[node name="Railgun" type="Spatial"]
script = ExtResource( 1 )

[node name="RayCast" type="RayCast" parent="."]
transform = Transform( 1, 0, 0, 0, 1, 0, 0, 0, 1, 0, 0.05, -0.31 )
cast_to = Vector3( 0, 0, -1 )

[node name="Area" type="Area" parent="."]

[node name="CollisionShape" type="CollisionShape" parent="Area"]
shape = SubResource( 1 )
disabled = true

[node name="CSGCombiner" type="CSGCombiner" parent="."]

[node name="CSGBox2" type="CSGBox" parent="CSGCombiner"]
transform = Transform( 1, 0, 0, 0, 1, 0, 0, 0, 1, 0, -0.0384624, 0 )
width = 0.07
height = 0.045415
depth = 0.4
material = SubResource( 2 )

[node name="CSGBox5" type="CSGBox" parent="CSGCombiner"]
transform = Transform( 1, 0, 0, 0, 1, 0, 0, 0, 1, 0, 0.114397, 0 )
width = 0.07
height = 0.045415
depth = 0.4
material = SubResource( 2 )

[node name="CSGBox3" type="CSGBox" parent="CSGCombiner"]
transform = Transform( 1, 0, 0, 0, 1, 0, 0, 0, 1, 0, 0.03857, 0.232135 )
width = 0.14
height = 0.197537
depth = 0.1
material = SubResource( 2 )

[node name="CSGBox6" type="CSGBox" parent="CSGCombiner"]
transform = Transform( 1, 0, 0, 0, 1, 0, 0, 0, 1, 0, 0.03857, -0.250649 )
width = 0.14
height = 0.197537
depth = 0.1
material = SubResource( 2 )

[node name="CSGBox4" type="CSGBox" parent="CSGCombiner"]
transform = Transform( 1, 0, 0, 0, 0.621789, 0.783185, 0, -0.783185, 0.621789, 0, -0.0850967, 0.349031 )
width = 0.14
height = 0.3
depth = 0.1
material = SubResource( 2 )

[node name="CSGCylinder" type="CSGCylinder" parent="CSGCombiner"]
transform = Transform( 1, 0, 0, 0, -4.37114e-08, -1, 0, 1, -4.37114e-08, 0, 0.040148, -0.0519054 )
radius = 0.07
height = 0.45
material = SubResource( 3 )
