[gd_scene load_steps=4 format=2]

[ext_resource path="res://Assets/Redeemer.gd" type="Script" id=1]

[sub_resource type="SpatialMaterial" id=1]
albedo_color = Color( 1, 0.698039, 0.117647, 1 )
metallic = 1.0
roughness = 0.0
emission_enabled = true
emission = Color( 0.996078, 0.956863, 0.356863, 1 )
emission_energy = 0.1
emission_operator = 0
emission_on_uv2 = false

[sub_resource type="SpatialMaterial" id=2]
albedo_color = Color( 0.396078, 0.329412, 0.0784314, 1 )
metallic = 0.5
metallic_specular = 0.0
roughness = 0.0

[node name="Redeemer" type="Spatial"]
script = ExtResource( 1 )

[node name="SpreadPoint" type="Position3D" parent="."]
transform = Transform( 1, 0, 0, 0, 1, 0, 0, 0, 1, 0, 0, 0.233195 )

[node name="Mesh" type="CSGCombiner" parent="."]
transform = Transform( 0.25, 0, 0, 0, 0.25, 0, 0, 0, 0.8, 0, 0, -0.513487 )

[node name="Holders" type="CSGCombiner" parent="Mesh"]

[node name="CSGPolygon" type="CSGPolygon" parent="Mesh/Holders"]
transform = Transform( 0.5, 0, 0, 0, 0.5, 0, 0, 0, 1, -0.5, -0.5, 1.17 )
polygon = PoolVector2Array( 0.25, 0.5, 0.5, 0.25, 0.75, 0.25, 0.75, 0, 0.5, 0, 0, 0.5, 0, 0.75, 0.25, 0.75 )
depth = 0.5
material = SubResource( 1 )

[node name="CSGPolygon2" type="CSGPolygon" parent="Mesh/Holders"]
transform = Transform( -2.18557e-08, -0.5, 0, 0.5, -2.18557e-08, 0, 0, 0, 1, 0.5, -0.5, 1.17 )
polygon = PoolVector2Array( 0.25, 0.5, 0.5, 0.25, 0.75, 0.25, 0.75, 0, 0.5, 0, 0, 0.5, 0, 0.75, 0.25, 0.75 )
depth = 0.5
material = SubResource( 1 )

[node name="CSGPolygon3" type="CSGPolygon" parent="Mesh/Holders"]
transform = Transform( -0.5, 4.37114e-08, 0, -4.37114e-08, -0.5, 0, 0, 0, 1, 0.5, 0.5, 1.17 )
polygon = PoolVector2Array( 0.25, 0.5, 0.5, 0.25, 0.75, 0.25, 0.75, 0, 0.5, 0, 0, 0.5, 0, 0.75, 0.25, 0.75 )
depth = 0.5
material = SubResource( 1 )

[node name="CSGPolygon4" type="CSGPolygon" parent="Mesh/Holders"]
transform = Transform( -2.18557e-08, 0.5, 0, -0.5, -2.18557e-08, 0, 0, 0, 1, -0.5, 0.5, 1.17 )
polygon = PoolVector2Array( 0.25, 0.5, 0.5, 0.25, 0.75, 0.25, 0.75, 0, 0.5, 0, 0, 0.5, 0, 0.75, 0.25, 0.75 )
depth = 0.5
material = SubResource( 1 )

[node name="CSGCylinder" type="CSGCylinder" parent="Mesh"]
transform = Transform( 1, 0, 0, 0, -4.37114e-08, -1, 0, 1, -4.37114e-08, 0, 0, 0 )
radius = 0.5
height = 1.35
material = SubResource( 2 )
