[gd_scene load_steps=8 format=2]

[ext_resource path="res://Assets/Shotgun.gd" type="Script" id=1]

[sub_resource type="BoxShape" id=1]
extents = Vector3( 0.1, 0.1, 0.1 )

[sub_resource type="SpatialMaterial" id=2]
albedo_color = Color( 0.352941, 0.317647, 0.317647, 1 )

[sub_resource type="SpatialMaterial" id=3]
albedo_color = Color( 0.396078, 0.329412, 0.0784314, 1 )

[sub_resource type="SpatialMaterial" id=4]
albedo_color = Color( 0.360784, 0.239216, 0.239216, 1 )

[sub_resource type="SpatialMaterial" id=5]
albedo_color = Color( 0.290196, 0.101961, 0.101961, 1 )

[sub_resource type="SpatialMaterial" id=6]
albedo_color = Color( 0.352941, 0.317647, 0.317647, 1 )

[node name="Shotgun" type="Spatial"]
script = ExtResource( 1 )

[node name="Area" type="Area" parent="."]
transform = Transform( -1, 0, -8.74228e-08, 0, 1, 0, 8.74228e-08, 0, -1, -0.000175945, 0, -0.498708 )

[node name="CollisionShape" type="CollisionShape" parent="Area"]
shape = SubResource( 1 )

[node name="CSGCombiner" type="CSGCombiner" parent="."]
transform = Transform( -0.5, 0, -4.37114e-08, 0, 0.5, 0, 4.37114e-08, 0, -0.5, 0.000175946, 0, -0.545473 )

[node name="CSGCylinder" type="CSGCylinder" parent="CSGCombiner"]
transform = Transform( 1, 0, 0, 0, -4.37114e-08, 1, 0, -1, -4.37114e-08, 0, 0.0135493, -0.2651 )
radius = 0.15
height = 1.3
sides = 10
material = SubResource( 2 )

[node name="CSGCylinder2" type="CSGCylinder" parent="CSGCombiner"]
transform = Transform( 1, 0, 0, 0, -4.37114e-08, 1, 0, -1, -4.37114e-08, 0, -0.0973694, -0.116201 )
radius = 0.1
sides = 10
material = SubResource( 3 )

[node name="CSGBox" type="CSGBox" parent="CSGCombiner"]
transform = Transform( 1, 0, 0, 0, 1, 0, 0, 0, 1, 0, -0.0433044, 0.497835 )
width = 0.3
height = 0.4
depth = 0.3
material = SubResource( 4 )

[node name="CSGBox2" type="CSGBox" parent="CSGCombiner"]
transform = Transform( 1, 0, 0, 0, 0.831838, 0.555018, 0, -0.555018, 0.831838, 0, -0.0774334, 0.923478 )
width = 0.15494
height = 0.4
depth = 0.135643
material = SubResource( 5 )

[node name="CSGBox3" type="CSGBox" parent="CSGCombiner"]
transform = Transform( 1, 0, 0, 0, 1, 0, 0, 0, 1, 0, 0.0580727, 0.793752 )
width = 0.3
height = 0.2
depth = 0.3
material = SubResource( 6 )

[node name="SpreadPoint" type="Position3D" parent="."]
transform = Transform( 1, 0, 0, 0, 1, 0, 0, 0, 1, 0, 0.00583831, -0.0671142 )
