[gd_scene load_steps=10 format=2]

[ext_resource path="res://Rooms/SpawnRoom.gd" type="Script" id=1]
[ext_resource path="res://ReusableMaterials/SpotlightMaterial2.tres" type="Material" id=2]

[sub_resource type="BoxShape" id=1]
extents = Vector3( 20, 1, 20 )

[sub_resource type="SpatialMaterial" id=2]
albedo_color = Color( 0.333333, 0.329412, 0.329412, 1 )
metallic = 0.15
roughness = 0.0

[sub_resource type="BoxShape" id=3]

[sub_resource type="SpatialMaterial" id=4]
albedo_color = Color( 0.333333, 0.329412, 0.329412, 1 )
metallic = 0.15
roughness = 0.0

[sub_resource type="BoxShape" id=5]

[sub_resource type="SpatialMaterial" id=6]
albedo_color = Color( 0.333333, 0.329412, 0.329412, 1 )
metallic = 0.15
roughness = 0.0

[sub_resource type="SpatialMaterial" id=7]
albedo_color = Color( 0.32549, 1, 0.164706, 1 )

[node name="Room2" type="Spatial"]
script = ExtResource( 1 )

[node name="Floor" type="StaticBody" parent="."]

[node name="FloorCollision" type="CollisionShape" parent="Floor"]
shape = SubResource( 1 )

[node name="CSGBox" type="CSGBox" parent="Floor"]
width = 40.0
depth = 40.0
material = SubResource( 2 )

[node name="Pillar" type="StaticBody" parent="."]
transform = Transform( 1, 0, 0, 0, 14, 0, 0, 0, 1, 19, 15, 19 )

[node name="WallCollision" type="CollisionShape" parent="Pillar"]
shape = SubResource( 3 )

[node name="CSGBox" type="CSGBox" parent="Pillar"]
material = SubResource( 4 )

[node name="Pillar2" type="StaticBody" parent="."]
transform = Transform( 1, 0, 0, 0, 14, 0, 0, 0, 1, -19, 15, 19 )

[node name="WallCollision" type="CollisionShape" parent="Pillar2"]
shape = SubResource( 3 )

[node name="CSGBox" type="CSGBox" parent="Pillar2"]
material = SubResource( 4 )

[node name="Pillar3" type="StaticBody" parent="."]
transform = Transform( 1, 0, 0, 0, 14, 0, 0, 0, 1, -19, 15, -19 )

[node name="WallCollision" type="CollisionShape" parent="Pillar3"]
shape = SubResource( 3 )

[node name="CSGBox" type="CSGBox" parent="Pillar3"]
material = SubResource( 4 )

[node name="Pillar4" type="StaticBody" parent="."]
transform = Transform( 1, 0, 0, 0, 14, 0, 0, 0, 1, 19, 15, -19 )

[node name="WallCollision" type="CollisionShape" parent="Pillar4"]
shape = SubResource( 3 )

[node name="CSGBox" type="CSGBox" parent="Pillar4"]
material = SubResource( 4 )

[node name="WallHolder" type="Spatial" parent="."]

[node name="Wall" type="StaticBody" parent="WallHolder"]
transform = Transform( 5, 0, 0, 0, 14, 0, 0, 0, 1, 13, 15, 19 )

[node name="WallCollision" type="CollisionShape" parent="WallHolder/Wall"]
shape = SubResource( 5 )

[node name="CSGBox" type="CSGBox" parent="WallHolder/Wall"]
material = SubResource( 6 )

[node name="Wall2" type="StaticBody" parent="WallHolder"]
transform = Transform( 5, 0, 0, 0, 14, 0, 0, 0, 1, -13, 15, 19 )

[node name="WallCollision" type="CollisionShape" parent="WallHolder/Wall2"]
shape = SubResource( 5 )

[node name="CSGBox" type="CSGBox" parent="WallHolder/Wall2"]
material = SubResource( 6 )

[node name="Wall3" type="StaticBody" parent="WallHolder"]
transform = Transform( 8, 0, 0, 0, 7, 0, 0, 0, 1, 0, 22, 19 )

[node name="WallCollision" type="CollisionShape" parent="WallHolder/Wall3"]
shape = SubResource( 5 )

[node name="CSGBox" type="CSGBox" parent="WallHolder/Wall3"]
material = SubResource( 6 )

[node name="WallHolder2" type="Spatial" parent="."]
transform = Transform( -4.37114e-08, 0, 1, 0, 1, 0, -1, 0, -4.37114e-08, 0, 0, 0 )

[node name="Wall" type="StaticBody" parent="WallHolder2"]
transform = Transform( 5, 0, 0, 0, 14, 0, 0, 0, 1, 13, 15, 19 )

[node name="WallCollision" type="CollisionShape" parent="WallHolder2/Wall"]
shape = SubResource( 5 )

[node name="CSGBox" type="CSGBox" parent="WallHolder2/Wall"]
material = SubResource( 6 )

[node name="Wall2" type="StaticBody" parent="WallHolder2"]
transform = Transform( 5, 0, 0, 0, 14, 0, 0, 0, 1, -13, 15, 19 )

[node name="WallCollision" type="CollisionShape" parent="WallHolder2/Wall2"]
shape = SubResource( 5 )

[node name="CSGBox" type="CSGBox" parent="WallHolder2/Wall2"]
material = SubResource( 6 )

[node name="Wall3" type="StaticBody" parent="WallHolder2"]
transform = Transform( 8, 0, 0, 0, 7, 0, 0, 0, 1, 0, 22, 19 )

[node name="WallCollision" type="CollisionShape" parent="WallHolder2/Wall3"]
shape = SubResource( 5 )

[node name="CSGBox" type="CSGBox" parent="WallHolder2/Wall3"]
material = SubResource( 6 )

[node name="WallHolder3" type="Spatial" parent="."]
transform = Transform( -4.37114e-08, 0, -1, 0, 1, 0, 1, 0, -4.37114e-08, 0, 0, 0 )

[node name="Wall" type="StaticBody" parent="WallHolder3"]
transform = Transform( 5, 0, 0, 0, 14, 0, 0, 0, 1, 13, 15, 19 )

[node name="WallCollision" type="CollisionShape" parent="WallHolder3/Wall"]
shape = SubResource( 5 )

[node name="CSGBox" type="CSGBox" parent="WallHolder3/Wall"]
material = SubResource( 6 )

[node name="Wall2" type="StaticBody" parent="WallHolder3"]
transform = Transform( 5, 0, 0, 0, 14, 0, 0, 0, 1, -13, 15, 19 )

[node name="WallCollision" type="CollisionShape" parent="WallHolder3/Wall2"]
shape = SubResource( 5 )

[node name="CSGBox" type="CSGBox" parent="WallHolder3/Wall2"]
material = SubResource( 6 )

[node name="Wall3" type="StaticBody" parent="WallHolder3"]
transform = Transform( 8, 0, 0, 0, 7, 0, 0, 0, 1, 0, 22, 19 )

[node name="WallCollision" type="CollisionShape" parent="WallHolder3/Wall3"]
shape = SubResource( 5 )

[node name="CSGBox" type="CSGBox" parent="WallHolder3/Wall3"]
material = SubResource( 6 )

[node name="WallHolder4" type="Spatial" parent="."]
transform = Transform( -1, 0, -8.74228e-08, 0, 1, 0, 8.74228e-08, 0, -1, 0, 0, 0 )

[node name="Wall" type="StaticBody" parent="WallHolder4"]
transform = Transform( 5, 0, 0, 0, 14, 0, 0, 0, 1, 13, 15, 19 )

[node name="WallCollision" type="CollisionShape" parent="WallHolder4/Wall"]
shape = SubResource( 5 )

[node name="CSGBox" type="CSGBox" parent="WallHolder4/Wall"]
material = SubResource( 6 )

[node name="Wall2" type="StaticBody" parent="WallHolder4"]
transform = Transform( 5, 0, 0, 0, 14, 0, 0, 0, 1, -13, 15, 19 )

[node name="WallCollision" type="CollisionShape" parent="WallHolder4/Wall2"]
shape = SubResource( 5 )

[node name="CSGBox" type="CSGBox" parent="WallHolder4/Wall2"]
material = SubResource( 6 )

[node name="Wall3" type="StaticBody" parent="WallHolder4"]
transform = Transform( 8, 0, 0, 0, 7, 0, 0, 0, 1, 0, 22, 19 )

[node name="WallCollision" type="CollisionShape" parent="WallHolder4/Wall3"]
shape = SubResource( 5 )

[node name="CSGBox" type="CSGBox" parent="WallHolder4/Wall3"]
material = SubResource( 6 )

[node name="LightSource2" type="CSGBox" parent="."]
transform = Transform( 1, 0, 0, 0, 1, 0, 0, 0, 1, 17.75, 5, 17.75 )
width = 0.5
height = 1.0
depth = 0.5
material = SubResource( 7 )

[node name="OmniLight" type="OmniLight" parent="LightSource2"]
light_color = Color( 0.32549, 1, 0.164706, 1 )
omni_range = 15.0

[node name="Roof" type="StaticBody" parent="."]
transform = Transform( 1, 0, 0, 0, 1, 0, 0, 0, 1, 0, 30, 0 )

[node name="FloorCollision" type="CollisionShape" parent="Roof"]
shape = SubResource( 1 )

[node name="CSGBox" type="CSGBox" parent="Roof"]
width = 40.0
depth = 40.0
material = SubResource( 2 )

[node name="LightSource" type="CSGBox" parent="Roof"]
transform = Transform( 1, 0, 0, 0, 1, 0, 0, 0, 1, 0, -2, 0 )
material = ExtResource( 2 )

[node name="OmniLight" type="OmniLight" parent="Roof/LightSource"]
light_color = Color( 0.32549, 1, 0.164706, 1 )
omni_range = 15.0

[node name="SpawningNodes" type="Spatial" parent="."]
transform = Transform( 1, 0, 0, 0, 1, 0, 0, 0, 1, 0, 2, 0 )

[node name="SpawnNode" type="Position3D" parent="SpawningNodes"]

[node name="SpawnNode2" type="Position3D" parent="SpawningNodes"]
transform = Transform( 1, 0, 0, 0, 1, 0, 0, 0, 1, 3.49992, 0, -4.26339 )

[node name="SpawnNode3" type="Position3D" parent="SpawningNodes"]
transform = Transform( 1, 0, 0, 0, 1, 0, 0, 0, 1, 3.84285, 0, 4.97424 )

[node name="SpawnNode4" type="Position3D" parent="SpawningNodes"]
transform = Transform( 1, 0, 0, 0, 1, 0, 0, 0, 1, -5.41066, 0, 3.64794 )

[node name="SpawnNode5" type="Position3D" parent="SpawningNodes"]
transform = Transform( 1, 0, 0, 0, 1, 0, 0, 0, 1, -3.54906, 0, -4.04698 )

[node name="SpawnNode6" type="Position3D" parent="SpawningNodes"]
transform = Transform( 1, 0, 0, 0, 1, 0, 0, 0, 1, -9.25401, 0, -8.16075 )

[node name="SpawnNode7" type="Position3D" parent="SpawningNodes"]
transform = Transform( 1, 0, 0, 0, 1, 0, 0, 0, 1, -9.98507, 0, 0.983972 )

[node name="SpawnNode8" type="Position3D" parent="SpawningNodes"]
transform = Transform( 1, 0, 0, 0, 1, 0, 0, 0, 1, 6.59959, 0, 15.2923 )
